<marc:collection xmlns:marc="http://www.loc.gov/MARC21/slim" xmlns:xsi="http://www.w3.org/2001/XMLSchema-instance" xsi:schemaLocation="http://www.loc.gov/MARC21/slim http://www.loc.gov/standards/marcxml/schema/MARC21slim.xsd">
    <marc:record type="Bibliographic">
        <marc:leader>01263cem a22003133a 4500</marc:leader>
        <marc:controlfield tag="001">6830588</marc:controlfield>
        <marc:controlfield tag="005">20141202155457.0</marc:controlfield>
        <marc:controlfield tag="008">110422s1944    xx        a     0   und d</marc:controlfield>
        <marc:datafield tag="034" ind1="1" ind2=" ">
            <marc:subfield code="a">a</marc:subfield>
            <marc:subfield code="b">30000</marc:subfield>
            <marc:subfield code="d">122.7</marc:subfield>
            <marc:subfield code="e">122.73333333333333</marc:subfield>
            <marc:subfield code="f">11.616666666666667</marc:subfield>
            <marc:subfield code="g">11.583333333333334</marc:subfield>
        </marc:datafield>
        <marc:datafield tag="035" ind1=" " ind2=" ">
            <marc:subfield code="a">(NjP Geomap) 65419</marc:subfield>
        </marc:datafield>
        <marc:datafield tag="040" ind1=" " ind2=" ">
            <marc:subfield code="c">NjP</marc:subfield>
        </marc:datafield>
        <marc:datafield tag="245" ind1="0" ind2="0">
            <marc:subfield code="a">Capiz, Philippine Islands, Capiz Province. A.M.S. S901</marc:subfield>
            <marc:subfield code="h">[cartographic material].</marc:subfield>
        </marc:datafield>
        <marc:datafield tag="250" ind1=" " ind2=" ">
            <marc:subfield code="a">1st ed.</marc:subfield>
        </marc:datafield>
        <marc:datafield tag="255" ind1=" " ind2=" ">
            <marc:subfield code="a">Scale 1:30,000</marc:subfield>
            <marc:subfield code="c">(E 122°42ʹ--E 122°44ʹ/N 11°37ʹ--N 11°35ʹ)</marc:subfield>
        </marc:datafield>
        <marc:datafield tag="260" ind1=" " ind2=" ">
            <marc:subfield code="a">Washington, D.C. :</marc:subfield>
            <marc:subfield code="b">Army Map Service, U.S. Army,</marc:subfield>
            <marc:subfield code="c">1944.</marc:subfield>
        </marc:datafield>
        <marc:datafield tag="490" ind1="0" ind2=" ">
            <marc:subfield code="a">United States. Army Map Service. Series A.M.S. ;</marc:subfield>
            <marc:subfield code="v">S901</marc:subfield>
        </marc:datafield>
        <marc:datafield tag="500" ind1=" " ind2=" ">
            <marc:subfield code="a">AMS 1.</marc:subfield>
        </marc:datafield>
        <marc:datafield tag="500" ind1=" " ind2=" ">
            <marc:subfield code="a">Alternate title: Capiz. In uper left margin: Philippine Islands city plans. Copied from U.S.C.&amp;G.S. Chart 4413. Depths shown by soundings in fathoms. "Surveyed in 1930.".</marc:subfield>
        </marc:datafield>
        <marc:datafield tag="653" ind1=" " ind2="0">
            <marc:subfield code="a">City plan</marc:subfield>
        </marc:datafield>
        <marc:datafield tag="650" ind1=" " ind2="0">
            <marc:subfield code="a">Bathymetric maps.</marc:subfield>
        </marc:datafield>
        <marc:datafield tag="651" ind1=" " ind2="0">
            <marc:subfield code="a">Capiz</marc:subfield>
            <marc:subfield code="v">Maps.</marc:subfield>
        </marc:datafield>
        <marc:datafield tag="651" ind1=" " ind2="7">
            <marc:subfield code="a">Capiz.</marc:subfield>
            <marc:subfield code="2">local</marc:subfield>
        </marc:datafield>
        <marc:datafield tag="651" ind1=" " ind2="7">
            <marc:subfield code="a">Philippines--Capiz.</marc:subfield>
            <marc:subfield code="2">local</marc:subfield>
        </marc:datafield>
        <marc:datafield tag="651" ind1=" " ind2="7">
            <marc:subfield code="a">Philippines--Capiz Province.</marc:subfield>
            <marc:subfield code="2">local</marc:subfield>
        </marc:datafield>
        <marc:datafield tag="651" ind1=" " ind2="7">
            <marc:subfield code="a">Philippines--Panay I.</marc:subfield>
            <marc:subfield code="2">local</marc:subfield>
        </marc:datafield>
        <marc:datafield tag="651" ind1=" " ind2="7">
            <marc:subfield code="a">Philippines--Roxas.</marc:subfield>
            <marc:subfield code="2">local</marc:subfield>
        </marc:datafield>
        <marc:datafield tag="651" ind1=" " ind2="7">
            <marc:subfield code="a">Roxas.</marc:subfield>
            <marc:subfield code="2">local</marc:subfield>
        </marc:datafield>
        <marc:datafield tag="852" ind1="8" ind2=" ">
            <marc:subfield code="b">scimcm</marc:subfield>
            <marc:subfield code="h">G8064.C244.1944.A7M3</marc:subfield>
        </marc:datafield>
        <marc:datafield tag="856" ind1="4" ind2=" ">
            <marc:subfield code="u">http://gisserver.princeton.edu/map/837</marc:subfield>
        </marc:datafield>
    </marc:record>
    <marc:record type="Holdings">
        <marc:leader>00185nx  a22000851  4500</marc:leader>
        <marc:controlfield tag="001">6752896</marc:controlfield>
        <marc:controlfield tag="004">6830588</marc:controlfield>
        <marc:controlfield tag="005">20110927211404.0</marc:controlfield>
        <marc:controlfield tag="008">1109270u||||8|||4001uu|||0000000</marc:controlfield>
        <marc:datafield tag="852" ind1="8" ind2=" ">
            <marc:subfield code="b">scimcm</marc:subfield>
            <marc:subfield code="h">G8064.C244.1944.A7M3</marc:subfield>
        </marc:datafield>
    </marc:record>
    <marc:record type="Holdings">
        <marc:leader>00182nx  a22000854  4500</marc:leader>
        <marc:controlfield tag="001">7324807</marc:controlfield>
        <marc:controlfield tag="004">6830588</marc:controlfield>
        <marc:controlfield tag="005">20130514143408.0</marc:controlfield>
        <marc:controlfield tag="008">1305144u    8   1001uu   0901128</marc:controlfield>
        <marc:datafield tag="852" ind1="8" ind2=" ">
            <marc:subfield code="b">elf1</marc:subfield>
            <marc:subfield code="h">Electronic Resource</marc:subfield>
        </marc:datafield>
    </marc:record>
</marc:collection>
